<?xml version="1.0" encoding="UTF-8"?>
<record>
  <leader>01012nam#a22002652cb4500</leader>
  <controlfield tag="005">20210408013416.0</controlfield>
  <controlfield tag="007">tu</controlfield>
  <controlfield tag="008">930930|1992####xx############1||#|#eng#c</controlfield>
  <controlfield tag="003">DE-605</controlfield>
  <controlfield tag="001">990065341720206441</controlfield>
  <datafield tag="016" ind1="7" ind2=" ">
    <subfield code="a">1070400832</subfield>
    <subfield code="2">OCoLC</subfield>
  </datafield>
  <datafield tag="035" ind1=" " ind2=" ">
    <subfield code="a">(DE-605)HT004764408</subfield>
  </datafield>
  <datafield tag="040" ind1=" " ind2=" ">
    <subfield code="c">DE-605</subfield>
    <subfield code="a">61</subfield>
    <subfield code="b">ger</subfield>
    <subfield code="d">6</subfield>
    <subfield code="e">rakwb</subfield>
  </datafield>
  <datafield tag="041" ind1=" " ind2=" ">
    <subfield code="a">eng</subfield>
  </datafield>
  <datafield tag="245" ind1="0" ind2="0">
    <subfield code="a">&lt;&lt;The&gt;&gt; threatened world of fish</subfield>
    <subfield code="b">proceedings of the Seventh International Ichthyology Congress ; The Hague (The Netherlands), August 26 - 30, 1991</subfield>
    <subfield code="c">guest ed.: Jan W. M Osse ...</subfield>
  </datafield>
  <datafield tag="264" ind1=" " ind2="1">
    <subfield code="a">Baarn</subfield>
    <subfield code="b">Escher</subfield>
    <subfield code="c">1992</subfield>
  </datafield>
  <datafield tag="300" ind1=" " ind2=" ">
    <subfield code="a">S. [129] - 524 : Ill., graph. Darst, Kt.</subfield>
  </datafield>
  <datafield tag="490" ind1="1" ind2=" ">
    <subfield code="a">Netherlands journal of zoology</subfield>
    <subfield code="v">42,2/3</subfield>
  </datafield>
  <datafield tag="035" ind1=" " ind2=" ">
    <subfield code="a">(OCoLC)1070400832</subfield>
  </datafield>
  <datafield tag="964" ind1="0" ind2="s">
    <subfield code="F">030</subfield>
    <subfield code="A">h|1uc||||||37</subfield>
  </datafield>
  <datafield tag="964" ind1="0" ind2="s">
    <subfield code="F">050</subfield>
    <subfield code="A">a|||||||||||||</subfield>
  </datafield>
  <datafield tag="964" ind1="0" ind2="s">
    <subfield code="F">051</subfield>
    <subfield code="A">sk||||||</subfield>
  </datafield>
  <datafield tag="830" ind1=" " ind2="0">
    <subfield code="a">Netherlands journal of zoology</subfield>
    <subfield code="w">(DE-600)208844-7</subfield>
    <subfield code="v">42,2,3</subfield>
    <subfield code="9">O:1</subfield>
  </datafield>
  <datafield tag="700" ind1="1" ind2=" ">
    <subfield code="a">Osse, Jan W. M.</subfield>
    <subfield code="d">1935-</subfield>
    <subfield code="0">(DE-588)123667445</subfield>
    <subfield code="4">edt</subfield>
  </datafield>
  <datafield tag="711" ind1="2" ind2=" ">
    <subfield code="a">International Ichthyology Congress</subfield>
    <subfield code="n">7</subfield>
    <subfield code="d">1991</subfield>
    <subfield code="c">Den Haag</subfield>
    <subfield code="0">(DE-588)1230482-7</subfield>
    <subfield code="4">oth</subfield>
  </datafield>
  <datafield tag="035" ind1=" " ind2=" ">
    <subfield code="a">(DE-599)HBZHT004764408</subfield>
  </datafield>
  <datafield tag="MBD" ind1=" " ind2=" ">
    <subfield code="M">49HBZ_NETWORK</subfield>
    <subfield code="i">990065341720206441</subfield>
    <subfield code="n">HBZ Network</subfield>
  </datafield>
  <datafield tag="MNG" ind1=" " ind2=" ">
    <subfield code="c">System</subfield>
    <subfield code="f">OTHER</subfield>
    <subfield code="i">marc21</subfield>
    <subfield code="k">01</subfield>
    <subfield code="e">false</subfield>
    <subfield code="d">2023-04-24 21:38:07 Europe/Berlin</subfield>
    <subfield code="g">006534172-HBZ01</subfield>
    <subfield code="j">60</subfield>
    <subfield code="a">import</subfield>
    <subfield code="b">2021-04-06 01:34:23 Europe/Berlin</subfield>
  </datafield>
</record>
